<record><leader>00000cas a22000007a 4500</leader><controlfield tag="001">9956723</controlfield><controlfield tag="008">830928d19121946nyuwr ne      0    0eng d</controlfield><datafield ind1=" " ind2=" " tag="010"><subfield code="a">sn 83031671 </subfield></datafield><datafield ind1=" " ind2=" " tag="040"><subfield code="a">NPU</subfield><subfield code="b">eng</subfield><subfield code="c">NPU</subfield><subfield code="d">NYS</subfield><subfield code="d">OCLCQ</subfield><subfield code="d">OCLCF</subfield><subfield code="d">OCLCO</subfield></datafield><datafield ind1=" " ind2=" " tag="042"><subfield code="a">msc</subfield></datafield><datafield ind1=" " ind2=" " tag="043"><subfield code="a">n-us-ny</subfield></datafield><datafield ind1="0" ind2="4" tag="245"><subfield code="a">The North Country advance.</subfield></datafield><datafield ind1=" " ind2=" " tag="260"><subfield code="a">Philadelphia, N.Y. :</subfield><subfield code="b">Aldrich Print. Co.,</subfield><subfield code="c">-1946.</subfield></datafield><datafield ind1=" " ind2=" " tag="300"><subfield code="a">v. ;</subfield><subfield code="c">48 cm.</subfield></datafield><datafield ind1=" " ind2=" " tag="310"><subfield code="a">Weekly</subfield></datafield><datafield ind1="1" ind2=" " tag="362"><subfield code="a">Began in 1912.</subfield></datafield><datafield ind1="0" ind2=" " tag="362"><subfield code="a">-v. 41, no. 30 (May 2, 1946).</subfield></datafield><datafield ind1=" " ind2=" " tag="500"><subfield code="a">DeWitt C. Aldrich, editor, 1912-&lt;1935&gt;.</subfield></datafield><datafield ind1=" " ind2=" " tag="500"><subfield code="a">Published in Carthage, N.Y., &lt;1943&gt;-1946.</subfield></datafield><datafield ind1=" " ind2=" " tag="515"><subfield code="a">Issues for 1931 called vol. 28; issues for 1935 called v. 30.</subfield></datafield><datafield ind1=" " ind2=" " tag="588"><subfield code="a">Description based on: Vol. 9, no. 39 (Nov. 23, 1912).</subfield></datafield><datafield ind1=" " ind2="0" tag="651"><subfield code="a">Carthage (N.Y.)</subfield><subfield code="v">Newspapers.</subfield></datafield><datafield ind1=" " ind2="0" tag="651"><subfield code="a">Jefferson County (N.Y.)</subfield><subfield code="v">Newspapers.</subfield></datafield><datafield ind1=" " ind2="4" tag="651"><subfield code="a">Philadelphia (N.Y.)</subfield><subfield code="v">Newspapers.</subfield></datafield><datafield ind1=" " ind2="7" tag="655"><subfield code="a">Newspapers.</subfield><subfield code="2">fast</subfield><subfield code="0">(OCoLC)fst01423814</subfield></datafield><datafield ind1=" " ind2="7" tag="651"><subfield code="a">New York (State)</subfield><subfield code="z">Carthage.</subfield><subfield code="2">fast</subfield><subfield code="0">(OCoLC)fst01232977</subfield></datafield><datafield ind1=" " ind2="7" tag="651"><subfield code="a">New York (State)</subfield><subfield code="z">Jefferson County.</subfield><subfield code="2">fast</subfield><subfield code="0">(OCoLC)fst01209430</subfield></datafield><datafield ind1=" " ind2=" " tag="752"><subfield code="a">United States</subfield><subfield code="b">New York</subfield><subfield code="c">Jefferson</subfield><subfield code="d">Carthage.</subfield></datafield><datafield ind1=" " ind2=" " tag="752"><subfield code="a">United States</subfield><subfield code="b">New York</subfield><subfield code="c">Jefferson</subfield><subfield code="d">Philadelphia.</subfield></datafield><datafield ind1="0" ind2="0" tag="780"><subfield code="t">Philadelphia advance</subfield><subfield code="w">(DLC)sn 91066149</subfield><subfield code="w">(OCoLC)23090526</subfield></datafield><datafield ind1="0" ind2="4" tag="785"><subfield code="t">Carthage Republican-tribune</subfield><subfield code="w">(DLC)sn 85054035</subfield><subfield code="w">(OCoLC)11616284</subfield></datafield></record>